<?xml version="1.0" encoding="UTF-8"?><collection xmlns="http://www.loc.gov/MARC21/slim"><record><leader>00469nam--2200169-i-4500</leader><controlfield tag="001">000015742</controlfield><controlfield tag="002">20161230</controlfield><controlfield tag="005">20170115222208</controlfield><controlfield tag="008">060222s1000------------r-----000-0-eng-d</controlfield><datafield ind1=" " ind2=" " tag="080"><subfield code="a">524.85(061.3)</subfield></datafield><datafield ind1=" " ind2=" " tag="245"><subfield code="a">The brith of the universe la naissance de l univers. Proceedings...</subfield></datafield><datafield ind1=" " ind2=" " tag="260"><subfield code="a">Gif Sur Yvette</subfield><subfield code="b">Editions Frontieres</subfield><subfield code="c">1982</subfield></datafield><datafield ind1=" " ind2=" " tag="300"><subfield code="a">395 p</subfield></datafield><datafield ind1=" " ind2=" " tag="490"><subfield code="a">Moriond Proceedings</subfield></datafield><datafield ind1=" " ind2=" " tag="700"><subfield code="a">Audouze, Jean</subfield></datafield><datafield ind1=" " ind2=" " tag="852"><subfield code="a">45672</subfield></datafield><datafield ind1=" " ind2=" " tag="CAT"><subfield code="a">SYS</subfield><subfield code="c">20170115</subfield><subfield code="h">222208</subfield></datafield></record></collection>